@inproceedings{brewer2000cap,
	author = {Brewer, Eric A.},
	title = {Towards Robust Distributed Systems (Abstract)},
	year = {2000},
	isbn = {1581131836},
	publisher = {Association for Computing Machinery},
	address = {New York, NY, USA},
	url = {https://doi.org/10.1145/343477.343502},
	doi = {10.1145/343477.343502},
	booktitle = {Proceedings of the Nineteenth Annual ACM Symposium on Principles of Distributed Computing},
	pages = {7},
	numpages = {1},
	location = {Portland, Oregon, USA},
	series = {PODC ’00}
}

@inproceedings{kalid2017big,
  title={Big-data NoSQL databases: A comparison and analysis of “Big-Table”,“DynamoDB”, and “Cassandra”},
  author={Kalid, Sultana and Syed, Ali and Mohammad, Azeem and Halgamuge, Malka N},
  booktitle={2017 IEEE 2nd International Conference on Big Data Analysis (ICBDA)(},
  pages={89--93},
  year={2017},
  organization={IEEE}
}

@article{paksula2010persisting,
  title={Persisting objects in redis key-value database},
  author={Paksula, Matti},
  journal={University of Helsinki, Department of Computer Science},
  year={2010}
}

@article{brewer2012cap,
	title={CAP twelve years later: How the "Rules" have changed},
	author={Brewer, Eric},
	journal={Computer},
	volume={45},
	number={2},
	pages={23--29},
	year={2012},
	publisher={IEEE}
}

@inproceedings{xie2014salt,
  title={Salt: Combining $\{$ACID$\}$ and $\{$BASE$\}$ in a Distributed Database},
  author={Xie, Chao and Su, Chunzhi and Kapritsos, Manos and Wang, Yang and Yaghmazadeh, Navid and Alvisi, Lorenzo and Mahajan, Prince},
  booktitle={11th $\{$USENIX$\}$ Symposium on Operating Systems Design and Implementation ($\{$OSDI$\}$ 14)},
  pages={495--509},
  year={2014}
}

@online{amazon,
    title = {"What Is a Key-Value Database?"},
    url  = {"https://aws.amazon.com/tr/nosql/key-value/"}
}

@inproceedings{chebotko2015big,
  title={A big data modeling methodology for Apache Cassandra},
  author={Chebotko, Artem and Kashlev, Andrey and Lu, Shiyong},
  booktitle={2015 IEEE International Congress on Big Data},
  pages={238--245},
  year={2015},
  organization={IEEE}
}

@inproceedings{tauro2013comparative,
  title={A comparative analysis of different nosql databases on data model, query model and replication model},
  author={Tauro, Clarence JM and Patil, Baswanth Rao and Prashanth, KR},
  booktitle={Proceedings of the International Conference on ERCICA},
  year={2013}
}

@article{tauro2012comparative,
  title={Comparative study of the new generation, agile, scalable, high performance NOSQL databases},
  author={Tauro, Clarence JM and Aravindh, Shreeharsha and Shreeharsha, AB},
  journal={International Journal of Computer Applications},
  volume={48},
  number={20},
  pages={1--4},
  year={2012},
  publisher={International Journal of Computer Applications, 244 5 th Avenue,\# 1526, New~…}
}

@online{yu2014twitter,
	title = {Scaling Redis at Twitter},
	year = {2014},
	organization = {Youtube},
	author = {Yao Yu},
	publisher = {Rackspace},
	url = {https://www.youtube.com/watch?v=rP9EKvWt0zo},
}

@online{krieger2011instagram,
	title = {Storing hundreds of millions of simple key-value pairs in Redis},
	year = {2011},
	author = {Mike Krieger},
	publisher = {Instagram Engineering},
	url = {https://instagram-engineering.com/storing-hundreds-of-millions-of-simple-key-value-pairs-in-redis-1091ae80f74c},
}

@online{redis2020pubsub,
  	author  = {Redis Development Team},
	title   = {Pub/Sub Specification},
	month   = {01},
	year    = {2020},
	url     = {https://redis.io/topics/pubsub},
	urldate = {25/01/2020},
}

@online{sanfilippo2010pubsub,
	author  = {Salvatore Sanfilippo},
	title   = {Redis weekly update #3 - Pub/Sub and more},
	month   = {03},
	year    = {2010},
	url     = {http://oldblog.antirez.com/post/redis-weekly-update-3-publish-submit.html},
	urldate = {25/01/2020},
}


@inproceedings{agrawal2011database,
  title={Database scalability, elasticity, and autonomy in the cloud},
  author={Agrawal, Divyakant and El Abbadi, Amr and Das, Sudipto and Elmore, Aaron J},
  booktitle={International Conference on Database Systems for Advanced Applications},
  pages={2--15},
  year={2011},
  organization={Springer}
}

@Comment{jabref-meta: databaseType:bibtex;}
