  @inproceedings{brewer2000towards,
	author = {Brewer, Eric A.},
	title = {Towards Robust Distributed Systems (Abstract)},
	year = {2000},
	isbn = {1581131836},
	publisher = {Association for Computing Machinery},
	address = {New York, NY, USA},
	url = {https://doi.org/10.1145/343477.343502},
	doi = {10.1145/343477.343502},
	booktitle = {Proceedings of the Nineteenth Annual ACM Symposium on Principles of Distributed Computing},
	pages = {7},
	numpages = {1},
	location = {Portland, Oregon, USA},
	series = {PODC ’00}
}

@inproceedings{kalid2017big,
  title={Big-data NoSQL databases: A comparison and analysis of “Big-Table”,“DynamoDB”, and “Cassandra”},
  author={Kalid, Sultana and Syed, Ali and Mohammad, Azeem and Halgamuge, Malka N},
  booktitle={2017 IEEE 2nd International Conference on Big Data Analysis (ICBDA)(},
  pages={89--93},
  year={2017},
  organization={IEEE}
}

@article{gilbert2012perspectives,
  title={Perspectives on the CAP Theorem},
  author={Gilbert, Seth and Lynch, Nancy},
  journal={Computer},
  volume={45},
  number={2},
  pages={30--36},
  year={2012},
  publisher={IEEE}
}

@article{paksula2010persisting,
  title={Persisting objects in redis key-value database},
  author={Paksula, Matti},
  journal={University of Helsinki, Department of Computer Science},
  year={2010}
}

@inproceedings{xie2014salt,
  title={Salt: Combining $\{$ACID$\}$ and $\{$BASE$\}$ in a Distributed Database},
  author={Xie, Chao and Su, Chunzhi and Kapritsos, Manos and Wang, Yang and Yaghmazadeh, Navid and Alvisi, Lorenzo and Mahajan, Prince},
  booktitle={11th $\{$USENIX$\}$ Symposium on Operating Systems Design and Implementation ($\{$OSDI$\}$ 14)},
  pages={495--509},
  year={2014}
}

@article{brewer2012cap,
  title={CAP twelve years later: How the" rules" have changed},
  author={Brewer, Eric},
  journal={Computer},
  volume={45},
  number={2},
  pages={23--29},
  year={2012},
  publisher={IEEE}
}

@article{brewer2012pushing,
  title={Pushing the cap: Strategies for consistency and availability},
  author={Brewer, Eric},
  journal={Computer},
  volume={45},
  number={2},
  pages={23--29},
  year={2012},
  publisher={IEEE Computer Society Press Los Alamitos, CA, USA}
}

@online{amazon,
    title = {"What Is a Key-Value Database?"},
    url  = {"https://aws.amazon.com/tr/nosql/key-value/"}
}

@inproceedings{chebotko2015big,
  title={A big data modeling methodology for Apache Cassandra},
  author={Chebotko, Artem and Kashlev, Andrey and Lu, Shiyong},
  booktitle={2015 IEEE International Congress on Big Data},
  pages={238--245},
  year={2015},
  organization={IEEE}
}

@inproceedings{tauro2013comparative,
  title={A comparative analysis of different nosql databases on data model, query model and replication model},
  author={Tauro, Clarence JM and Patil, Baswanth Rao and Prashanth, KR},
  booktitle={Proceedings of the International Conference on ERCICA},
  year={2013}
}

@article{tauro2012comparative,
  title={Comparative study of the new generation, agile, scalable, high performance NOSQL databases},
  author={Tauro, Clarence JM and Aravindh, Shreeharsha and Shreeharsha, AB},
  journal={International Journal of Computer Applications},
  volume={48},
  number={20},
  pages={1--4},
  year={2012},
  publisher={International Journal of Computer Applications, 244 5 th Avenue,\# 1526, New~…}
}

@article{capinternetscaled,
  title={CAP THEOREM A Guide to Understanding the Cap Theorem},
  author={Iremnur Kidil, Zeynep Iyigorur},
  year = {2019}
}



@Comment{jabref-meta: databaseType:bibtex;}
